This file was created with JabRef 1.8.1.
Encoding: UTF8


@UNPUBLISHED{UbloxGPS,
  title = {Essentials of Satellite Navigation - Compendium},
  author = {Jean-Marie Zogg},
  note = {},
  institution = {u-blox AG},
  address = {Thalwil, Schweiz},
  year = {2007},
  month = {April},
  url = {http://www.u-blox.com/technology/GPS-X-02007.pdf},
}

@Book{GPS_Book,
author = {Pratap Misra and Per Enge},
title = {Global Positioning System},
publisher = {Ganga-Jamuna Press},
year = {2006},
edition = {2},
}

@InProceedings{Campus_DGPS,
  author = {Manuel G. Soares and Benedita Malheiro and Francisco J. Restivo},
  title = {An Internet DGPS Service for Precise Outdoor Navigation},
  booktitle = {Emerging Technologies and Factory Automation, 2003. Proceedings. ETFA '03. IEEE Conference},
  year = {2003},
  volume = {1},
  pages = {512-518},
  month = {September},
} 

@MISC{RTCM-104,
  author = {{Radio Technical Commission For Maritime Services}},
  title = {RTCM 10402.3 Recommended Standards for Differential GNSS (Global
	Navigation Satellite Systems) Service},
  month = {August},
  year = {2001},
}

